@article{tsanas2012accurate,
  title={Accurate quantitative estimation of energy performance of residential buildings using statistical machine learning tools},
  author={Tsanas, Athanasios and Xifara, Angeliki},
  journal={Energy and Buildings},
  volume={49},
  pages={560--567},
  year={2012},
  publisher={Elsevier}
}
@inproceedings{fernandes2015proactive,
  title={A proactive intelligent decision support system for predicting the popularity of online news},
  author={Fernandes, Kelwin and Vinagre, Pedro and Cortez, Paulo},
  booktitle={Portuguese Conference on Artificial Intelligence},
  pages={535--546},
  year={2015},
  organization={Springer}
}
@article{broyden1970convergence,
  title={The convergence of a class of double-rank minimization algorithms: 2. The new algorithm},
  author={Broyden, Charles G},
  journal={IMA journal of applied mathematics},
  volume={6},
  number={3},
  pages={222--231},
  year={1970},
  publisher={Oxford University Press}
}
@article{fletcher1970new,
  title={A new approach to variable metric algorithms},
  author={Fletcher, Roger},
  journal={The computer journal},
  volume={13},
  number={3},
  pages={317--322},
  year={1970},
  publisher={Oxford University Press}
}
@article{goldfarb1970family,
  title={A family of variable-metric methods derived by variational means},
  author={Goldfarb, Donald},
  journal={Mathematics of computation},
  volume={24},
  number={109},
  pages={23--26},
  year={1970}
}
@article{shanno1970conditioning,
  title={Conditioning of quasi-Newton methods for function minimization},
  author={Shanno, David F},
  journal={Mathematics of computation},
  volume={24},
  number={111},
  pages={647--656},
  year={1970}
}
@article{cauchy1847methode,
  title={M{\'e}thode g{\'e}n{\'e}rale pour la r{\'e}solution des systemes dâ€™{\'e}quations simultan{\'e}es},
  author={Cauchy, Augustin},
  journal={Comp. Rend. Sci. Paris},
  volume={25},
  number={1847},
  pages={536--538},
  year={1847}
}
@article{scikit-learn,
 title={Scikit-learn: Machine Learning in {P}ython},
 author={Pedregosa, F. and Varoquaux, G. and Gramfort, A. and Michel, V.
         and Thirion, B. and Grisel, O. and Blondel, M. and Prettenhofer, P.
         and Weiss, R. and Dubourg, V. and Vanderplas, J. and Passos, A. and
         Cournapeau, D. and Brucher, M. and Perrot, M. and Duchesnay, E.},
 journal={Journal of Machine Learning Research},
 volume={12},
 pages={2825--2830},
 year={2011}
}
@article{ng2000cs229,
  title={CS229 Lecture notes},
  author={Ng, Andrew},
  journal={CS229 Lecture notes},
  volume={1},
  number={1},
  pages={1--3},
  year={2000}
}
@manual{softmax,
      title  = " A simple ipython notebook that walks through the creation of a softmax regression model using MNIST dataset.",
      author = "Arthur Juliani",
      url    = "https://gist.github.com/awjuliani/5ce098b4b76244b7a9e3#file-softmax-ipynb",
      year   = "2016"
}
@article{kuzborskij2017data,
  title={Data-dependent stability of stochastic gradient descent},
  author={Kuzborskij, Ilja and Lampert, Christoph H},
  journal={arXiv preprint arXiv:1703.01678},
  year={2017}
}
@article{hardt2015train,
  title={Train faster, generalize better: Stability of stochastic gradient descent},
  author={Hardt, Moritz and Recht, Benjamin and Singer, Yoram},
  journal={arXiv preprint arXiv:1509.01240},
  year={2015}
}
@article{du2018gradient,
  title={Gradient descent provably optimizes over-parameterized neural networks},
  author={Du, Simon S and Zhai, Xiyu and Poczos, Barnabas and Singh, Aarti},
  journal={arXiv preprint arXiv:1810.02054},
  year={2018}
}
@article{zou2018stochastic,
  title={Stochastic gradient descent optimizes over-parameterized deep ReLU networks},
  author={Zou, Difan and Cao, Yuan and Zhou, Dongruo and Gu, Quanquan},
  journal={arXiv preprint arXiv:1811.08888},
  year={2018}
}
@inproceedings{sutskever2013importance,
  title={On the importance of initialization and momentum in deep learning},
  author={Sutskever, Ilya and Martens, James and Dahl, George and Hinton, Geoffrey},
  booktitle={International conference on machine learning},
  pages={1139--1147},
  year={2013}
}
@article{kingma2014adam,
  title={Adam: A method for stochastic optimization},
  author={Kingma, Diederik P and Ba, Jimmy},
  journal={arXiv preprint arXiv:1412.6980},
  year={2014}
}
@article{tieleman2012lecture,
  title={Lecture 6.5-rmsprop: Divide the gradient by a running average of its recent magnitude},
  author={Tieleman, Tijmen and Hinton, Geoffrey},
  journal={COURSERA: Neural networks for machine learning},
  volume={4},
  number={2},
  pages={26--31},
  year={2012}
}
@article{duchi2011adaptive,
  title={Adaptive subgradient methods for online learning and stochastic optimization},
  author={Duchi, John and Hazan, Elad and Singer, Yoram},
  journal={Journal of Machine Learning Research},
  volume={12},
  number={Jul},
  pages={2121--2159},
  year={2011}
}
@article{liu1989limited,
  title={On the limited memory BFGS method for large scale optimization},
  author={Liu, Dong C and Nocedal, Jorge},
  journal={Mathematical programming},
  volume={45},
  number={1-3},
  pages={503--528},
  year={1989},
  publisher={Springer}
}
@inproceedings{xu2015show,
  title={Show, attend and tell: Neural image caption generation with visual attention},
  author={Xu, Kelvin and Ba, Jimmy and Kiros, Ryan and Cho, Kyunghyun and Courville, Aaron and Salakhudinov, Ruslan and Zemel, Rich and Bengio, Yoshua},
  booktitle={International conference on machine learning},
  pages={2048--2057},
  year={2015}
}
@article{radford2015unsupervised,
  title={Unsupervised representation learning with deep convolutional generative adversarial networks},
  author={Radford, Alec and Metz, Luke and Chintala, Soumith},
  journal={arXiv preprint arXiv:1511.06434},
  year={2015}
}
@article{bahar2017empirical,
  title={Empirical investigation of optimization algorithms in neural machine translation},
  author={Bahar, Parnia and Alkhouli, Tamer and Peter, Jan-Thorsten and Brix, Christopher Jan-Steffen and Ney, Hermann},
  journal={The Prague Bulletin of Mathematical Linguistics},
  volume={108},
  number={1},
  pages={13--25},
  year={2017},
  publisher={De Gruyter Open}
}
