@article{tsanas2012accurate,
  title={Accurate quantitative estimation of energy performance of residential buildings using statistical machine learning tools},
  author={Tsanas, Athanasios and Xifara, Angeliki},
  journal={Energy and Buildings},
  volume={49},
  pages={560--567},
  year={2012},
  publisher={Elsevier}
}
@inproceedings{fernandes2015proactive,
  title={A proactive intelligent decision support system for predicting the popularity of online news},
  author={Fernandes, Kelwin and Vinagre, Pedro and Cortez, Paulo},
  booktitle={Portuguese Conference on Artificial Intelligence},
  pages={535--546},
  year={2015},
  organization={Springer}
}
